<record><leader>00000cas a22000007a 4500</leader><controlfield tag="001">13013045</controlfield><controlfield tag="008">860113d19711980wiuwr ne      0    0eng d</controlfield><datafield ind1=" " ind2=" " tag="010"><subfield code="a">sn 86086063 </subfield></datafield><datafield ind1=" " ind2=" " tag="040"><subfield code="a">NPV</subfield><subfield code="b">eng</subfield><subfield code="c">NPV</subfield><subfield code="d">OCLCQ</subfield></datafield><datafield ind1=" " ind2=" " tag="042"><subfield code="a">msc</subfield></datafield><datafield ind1=" " ind2=" " tag="045"><subfield code="a">x7x8</subfield></datafield><datafield ind1=" " ind2=" " tag="052"><subfield code="a">4123</subfield><subfield code="b">M6</subfield></datafield><datafield ind1="0" ind2=" " tag="130"><subfield code="a">Cudahy reminder-enterprise (Cudahy, Wis. : 1971)</subfield></datafield><datafield ind1="1" ind2="0" tag="245"><subfield code="a">Cudahy reminder-enterprise.</subfield></datafield><datafield ind1="1" ind2="3" tag="246"><subfield code="a">Cudahy-St. Francis reminder-enterprise</subfield></datafield><datafield ind1=" " ind2=" " tag="260"><subfield code="a">Cudahy, Wis. :</subfield><subfield code="b">Community Newspapers, Inc.,</subfield><subfield code="c">1971-1980.</subfield></datafield><datafield ind1=" " ind2=" " tag="300"><subfield code="a">v. :</subfield><subfield code="b">ill.</subfield></datafield><datafield ind1=" " ind2=" " tag="310"><subfield code="a">Weekly</subfield></datafield><datafield ind1=" " ind2=" " tag="321"><subfield code="a">Semiweekly,</subfield><subfield code="b">Vol. 65, no. 38 (Sept. 19, 1974)-v. 69, no. 43 (June 2, 1976)</subfield></datafield><datafield ind1=" " ind2=" " tag="321"><subfield code="a">Weekly,</subfield><subfield code="b">Vol. 62, no. 43 (Nov. 11, 1971)-v. 65, no. 37 (Sept. 12, 1974)</subfield></datafield><datafield ind1="0" ind2=" " tag="362"><subfield code="a">Vol. 62, no. 43 (Nov. 4, 1971)-v. 71, no. 9 (Feb. 28, 1980).</subfield></datafield><datafield ind1=" " ind2=" " tag="500"><subfield code="a">Added masthead: Cudahy-St. Francis reminder-enterprise.</subfield></datafield><datafield ind1=" " ind2=" " tag="525"><subfield code="a">Supplements accompany some issues.</subfield></datafield><datafield ind1=" " ind2=" " tag="530"><subfield code="a">Available on microfilm from The State Historical Society of Wisconsin.</subfield></datafield><datafield ind1=" " ind2=" " tag="752"><subfield code="a">United States</subfield><subfield code="b">Wisconsin</subfield><subfield code="c">Milwaukee</subfield><subfield code="d">Cudahy.</subfield></datafield><datafield ind1=" " ind2=" " tag="752"><subfield code="a">United States</subfield><subfield code="b">Wisconsin</subfield><subfield code="c">Milwaukee</subfield><subfield code="d">St. Francis.</subfield></datafield><datafield ind1="0" ind2="0" tag="780"><subfield code="t">Reminder-enterprise (Cudahy, Wis. : 1955)</subfield><subfield code="w">(DLC)sn 86086062</subfield></datafield><datafield ind1="0" ind2="0" tag="785"><subfield code="t">Reminder-enterprise (Cudahy, Wis. : 1980)</subfield><subfield code="w">(DLC)sn 86086064</subfield></datafield></record>